@book{ Balakrishnan-Analiza-funkcjonalna-stosowana-Pub-1992,
  author =	 {A.V. Balakrishnan},
  title =	 {Analiza funkcjonalna stosowana},
  publisher =	 {Wydawnictwo Naukowe PWN},
  address =	 {Warszawa},
  year =	 1992,
  edition =	 {I},
}



@book{ Deitmar-Echterhoff-Principles-of-harmonic-analysis-Pub-2009,
  author =	 {Anton Deitmar and Siegfried Echterhoff},
  title =	 {Principles~of Harmonic Analysis},
  publisher =	 {Springer},
  address =	 {New York, NY},
  year =	 2009,
  edition =	 {{}},
  doi =		 {10.1007/978-0-387-85469-4},
  url =		 {https://doi.org/10.1007/978-0-387-85469-4},
}



@book{ Rudin-Analiza-funkcjonalna-Pub-2012,
  author =	 {Walter Rudin},
  title =	 {Analiza funkcjonalna},
  publisher =	 {Wydawnictwo Naukowe PWN},
  address =	 {Warszawa},
  year =	 2012,
  edition =	 {II~-- 4~dodruk},
  note =	 {Tłum. Piotr Sołtan, Tadeusz Świrszcz, Grzegorz
                  Świrszcz},
}