@book{ Bratteli-Robinson-Operator-algebras-ETC-Vol-I-Pub-2002,
  author =	 {Ola Bratteli and Derek W. Robinson},
  title =	 {Operator Algebras and~Quantum Statistical
                  Mechanics~1. $C^{ * }$- and $W^{ * }$-Algebras,
                  Symmetry Groups, Decomposition~of States},
  publisher =	 {Springer},
  address =	 {Berlin, Heidelberg},
  year =	 2002,
  edition =	 {II},
  issn =	 {0172-5998},
}