@book{ Antosik-Mikusinski-Sikorski-Theory-of-distributions-Pub-1973,
  author =	 {P. Antosik and J. Mikusiński and R. Sikorski},
  title =	 {Theory of distributions. The~sequential approach},
  publisher =	 {Elsevier Scientific Publishin Company, PWN~-- Polish
                  Scientific Publishers},
  address =	 {Amsterdam, Warszawa},
  year =	 1973,
}



@book{ Gelfand-Shilov-Generalized-Functions-Vol-I-Pub-1964,
  author =	 {I. M. Gelfand and G. V. Shilov},
  title =	 {Generalized Functions. Volume~I: Properties
		  and~Operations},
  publisher =	 {Academic Press},
  address =	 {New York and London},
  year =	 1964,
}



@book{ Zemanian-Teoria-dystrybucji-ETC-Pub-1969,
  author =	 {Armen H. Zemanian},
  title =	 {Teoria dystrybucji i~analiza transformat},
  publisher =	 {Państwowe Wydawnictwo Naukowe},
  address =	 {Warszawa},
  edition =	 {I},
  year =	 1969,
}