@book{ Chmielinski-Analiza-funkcjonalna-Pub-2004,
  author =	 {Jacek Chmieliński},
  title =	 {Analiza funkcjonalna. Notatki do~wykładu},
  publisher =	 {Wydawnictwo Naukowe Akademii Pedagogicznej},
  address =	 {Kraków},
  year =	 2004,
  edition =	 {II~-- uzupełnione},
}



@book{ Fichtenholz-Rachunek-rozniczkowy-ETC-Vol-I-Pub-2005,
  author =	 {Grigorij Michajłowicz Fichtenholz},
  title =	 {Rachunek różniczkowy i~całkowy. Tom~I},
  publisher =	 {Wydawnictwo Naukowe PWN},
  address =	 {Warszawa},
  year =	 2005,
  volume =	 {I},
  edition =	 {XII~-- trzeci dodruk},
  note =	 {Tłum. Ryszard Bittner, Bolesław Gleichgewicht,
                  Tadeusz Huskowski},
}



@book{ Maurin-Analiza-Vol-I-Pub-1974,
  author =	 {Krzysztof Maurin},
  title =	 {Analiza. Część~I: Elementy},
  publisher =	 {Państwowe Wydawnictwo Naukowe},
  address =	 {Warszawa},
  year =	 1974,
  edition =	 {III},
  series =	 {Biblioteka Matematyczna},
  number =	 38,
}



@book{ Reed-Simon-Methods-of-modern-mathematical-physics-Vol-I-Pub-1980,
  author =	 {Michael Reed and Barry Simon},
  title =	 {Methods~of Modern Mathematical Physics~I:
		  Functional Analysis},
  publisher =	 {Academic Press},
  address =	 {San Diego, New York, Boston, London, Sydney, Tokyo,
		  Toronto},
  year =	 1980,
  edition =	 {Revised and~enlarged edtion},
}



@book{ Rudin-Analiza-rzeczywista-i-zespolona-Pub-1986,
  author =	 {Walter Rudin},
  title =	 {Analiza rzeczywista i~zespolona},
  publisher =	 {Państwowe Wydawnictwo Naukowe},
  address =	 {Warszawa},
  year =	 1986,
  edition =	 {I},
}



@book{ Schwartz-Kurs-analizy-matematycznej-Vol-I-Pub-1979,
  author =	 {Laurent Schwartz},
  title =	 {Kurs analizy matematycznej},
  publisher =	 {Państwowe Wydawnictwo Naukowe},
  address =	 {Warszawa},
  year =	 1979,
  volume =	 {I},
  edition =	 {I},
}